@article{kursa2010feature,
  title={Feature selection with the Boruta package},
  author={Kursa, Miron B and Rudnicki, Witold R and others},
  journal={J Stat Softw},
  volume={36},
  number={11},
  pages={1--13},
  year={2010}
}

@inproceedings{liu2017deep,
  title={Deep Neural Networks for High Dimension, Low Sample Size Data.},
  author={Liu, Bo and Wei, Ying and Zhang, Yu and Yang, Qiang},
  booktitle={IJCAI},
  pages={2287--2293},
  year={2017}
}